FilingDate,PeriodEnd,AmortizationOfIntangibleAssets,CommissionAndIncentiveCompensation,CommonStockDividendsPerShareDeclared,CompensationExpenseExcludingCostOfGoodAndServiceSold,DebtAndEquitySecuritiesRealizedGainLoss,DebtSecuritiesGainLoss1,DividendIncomeEquitySecuritiesOperating,EarningsPerShareBasic,EarningsPerShareDiluted,EquipmentExpense,FederalDepositInsuranceCorporationPremiumExpense,FeesAndCommissionMortgageBanking,FeesAndCommissionsCreditAndDebitCards,FeesAndCommissionsCreditCard,FeesAndCommissionsDepositorsAccounts,FeesAndCommissionsFiduciaryAndTrustActivities,FeesAndCommissionsMortgageBankingAndServicing,FeesAndCommissionsOnDepositAccountsAndLendingActivities,FeesAndCommissionsOther,GainLossOnSaleOfDebtInvestments,GainsLossesFromEquityInvestments,IncomeLossFromContinuingOperationsBeforeIncomeTaxesExtraordinaryItemsNoncontrollingInterest,IncomeLossFromContinuingOperationsIncludingPortionAttributableToNoncontrollingInterest,IncomeTaxExpenseBenefit,InsuranceAndDepositAssessments,InsuranceServicesRevenue,InterestAndDividendIncomeFromTradingAssets,InterestAndDividendIncomeOperating,InterestAndDividendIncomeSecurities,InterestAndDividendIncomeSecuritiesAvailableForSale,InterestAndDividendIncomeSecuritiesTradingOrMeasuredAtFairValue,InterestAndFeeIncomeLoansAndLeasesHeldForSale,InterestAndFeeIncomeLoansAndLeasesHeldInPortfolio,InterestAndFeeIncomeLoansHeldForSaleMortgages,InterestAndFeeIncomeNonmortgageLoansAndLeasesHeldForSale,InterestExpense,InterestExpenseDeposits,InterestExpenseLongTermDebt,InterestExpenseOperating,InterestExpenseOrReversalOfInterestExpenseShortTermBorrowings,InterestExpenseOther,InterestExpenseShortTermBorrowings,InterestIncomeDebtSecuritiesOperating,InterestIncomeExpenseAfterProvisionForLoanLoss,InterestIncomeExpenseNet,InterestIncomeOther,InterestIncomeOtherLoansHeldForSale,LeaseIncomeLessor,MarketingAndAdvertisingExpense,NetGainsLossesFromEquityInvestments,NetIncomeLoss,NetIncomeLossAttributableToNoncontrollingInterest,NetIncomeLossAvailableToCommonStockholdersBasic,NoninterestExpense,NoninterestIncome,NoninterestIncomeOtherLoss,NoninterestIncomeOtherOperatingIncome,OccupancyNet,OperatingLeasesIncomeStatementLeaseRevenue,OperatingLosses,OtherInterestAndDividendIncome,OtherLaborRelatedExpenses,OtherNoninterestExpense,PreferredStockDividendsAndOtherAdjustments,ProfessionalAndContractServicesExpense,ProvisionForLoanLeaseAndOtherLosses,RestructuringCharges,RevenueFromContractWithCustomerExcludingAssessedTax,RevenueFromContractWithCustomerIncludingAssessedTax,RevenuesNetOfInterestExpense,SalariesWagesAndOfficersCompensation,TotalCreditAndDebitCardFees,TradingActivityGainsAndLossesNet,TradingGainsLosses,WeightedAverageNumberOfDilutedSharesOutstanding,WeightedAverageNumberOfSharesOutstandingBasic
2012-02-28,2007-12-31,,,,,,,,,,,,,,,,,,,,,,,,,,,,,,,,,,,,,,,,,,,,,,,,,,,,,,,,,,,,,,,,,,4939000000,,,,,,,,,,
2012-02-28,2008-12-31,,,,,,,,,,,,,,,,,,,,,,,,,,,,,,,,,,,,,,,,,,,,,,,,,,,,,,,,,,,,,,,,,,15979000000,,,,,,,,,,
2012-02-28,2009-12-31,2577000000,8021000000,0.49,,,,,1.76,1.75,2506000000,,12028000000,,3683000000,5741000000,9735000000,,,3804000000,-127000000,,17998000000,12667000000,5331000000,1849000000,2126000000,918000000,56274000000,,11319000000,,,41589000000,1930000000,,9950000000,3774000000,5782000000,,,172000000,222000000,,24656000000,46324000000,,183000000,,,185000000,12275000000,392000000,7990000000,49020000000,42362000000,,1828000000,3127000000,685000000,,335000000,4689000000,12494000000,4285000000,,21668000000,,,,,13757000000,,2674000000,,4562700000,4545200000
2012-02-28,2010-12-31,2199000000,8692000000,0.20,,,,,2.23,2.21,2636000000,,9737000000,,3652000000,4916000000,10934000000,,,3990000000,-324000000,,19001000000,12663000000,6338000000,1197000000,2126000000,1098000000,52796000000,,9666000000,,,39760000000,1736000000,,8039000000,2832000000,4888000000,,,227000000,92000000,,29004000000,44757000000,,101000000,,,779000000,12362000000,301000000,11632000000,50456000000,40453000000,,2180000000,3030000000,815000000,,435000000,4651000000,14182000000,730000000,,15753000000,,,,,13869000000,,1648000000,,5263100000,5226800000
2012-02-28,2011-12-31,1880000000,8857000000,0.48,,,,,2.85,2.82,2283000000,,7832000000,,3653000000,4280000000,11304000000,,,4193000000,54000000,,23656000000,16211000000,7445000000,1266000000,1960000000,1440000000,49412000000,,8475000000,,,37247000000,1644000000,,6649000000,2275000000,3978000000,,,316000000,80000000,,34864000000,42763000000,,58000000,,,1482000000,15869000000,342000000,15025000000,49393000000,38185000000,,1889000000,3011000000,524000000,,548000000,4348000000,13286000000,844000000,,7899000000,,,,,14462000000,,1014000000,,5323400000,5278100000
2013-02-27,2008-12-31,,,,,,,,,,,,,,,,,,,,,,,,,,,,,,,,,,,,,,,,,,,,,,,,,,,,,,,,,,,,,,,,,,15979000000,,,,,,,,,,
2013-02-27,2009-12-31,,,,,,,,,,,,,,,,,,,,,,,,,,,,,,,,,,,,,,,,,,,,,,,,,,,,,,,,,,,,,,,,,,21668000000,,,,,,,,,,
2013-02-27,2010-12-31,2199000000,8692000000,0.20,,,,,2.23,2.21,2636000000,,9737000000,3652000000,,4916000000,10934000000,,,3990000000,-324000000,,19001000000,12663000000,6338000000,1197000000,2126000000,,52796000000,,9666000000,1098000000,,39760000000,1736000000,101000000,8039000000,2832000000,4888000000,,,227000000,92000000,,29004000000,44757000000,,,,,779000000,12362000000,301000000,11632000000,50456000000,40453000000,,2180000000,3030000000,815000000,,435000000,4651000000,14182000000,730000000,,15753000000,,,,,13869000000,,1648000000,,5263100000,5226800000
2013-02-27,2011-12-31,1880000000,8857000000,0.48,,,,,2.85,2.82,2283000000,,7832000000,3653000000,,4280000000,11304000000,,,4193000000,54000000,,23656000000,16211000000,7445000000,1266000000,1960000000,,49412000000,,8475000000,1440000000,,37247000000,1644000000,58000000,6649000000,2275000000,3978000000,,,316000000,80000000,,34864000000,42763000000,,,,,1482000000,15869000000,342000000,15025000000,49393000000,38185000000,,1889000000,3011000000,524000000,,548000000,4348000000,13286000000,844000000,,7899000000,,,,,14462000000,,1014000000,,5323400000,5278100000
2013-02-27,2012-12-31,1674000000,9504000000,0.88,,,,,3.40,3.36,2068000000,,11638000000,2838000000,,4683000000,11890000000,,,4519000000,-128000000,,28471000000,19368000000,9103000000,1356000000,1850000000,,48391000000,,8098000000,1358000000,,36482000000,1825000000,41000000,5161000000,1727000000,3110000000,,,245000000,79000000,,36013000000,43230000000,,,,,1485000000,18897000000,471000000,17999000000,50398000000,42856000000,,1807000000,2857000000,567000000,,587000000,4611000000,13639000000,898000000,,7217000000,,,,,14689000000,,1707000000,,5351500000,5287600000
2013-02-27,2013-01-22,,,0.25,,,,,,,,,,,,,,,,,,,,,,,,,,,,,,,,,,,,,,,,,,,,,,,,,,,,,,,,,,,,,,,,,,,,,,,,,
2014-02-26,2009-12-31,,,,,,,,,,,,,,,,,,,,,,,,,,,,,,,,,,,,,,,,,,,,,,,,,,,,,,,,,,,,,,,,,,21668000000,,,,,,,,,,
2014-02-26,2010-12-31,,,,,,,,,,,,,,,,,,,,,,,,,,,,,,,,,,,,,,,,,,,,,,,,,,,,,,,,,,,,,,,,,,15753000000,,,,,,,,,,
2014-02-26,2011-12-31,1880000000,8857000000,0.48,,,,,2.85,2.82,2283000000,1266000000,7832000000,3653000000,,4280000000,11304000000,,,4193000000,54000000,,23656000000,16211000000,7445000000,,1960000000,,49412000000,,8475000000,1440000000,,37247000000,1644000000,58000000,6649000000,2275000000,3978000000,,,316000000,80000000,,34864000000,42763000000,,,,,1482000000,15869000000,342000000,15025000000,49393000000,38185000000,,1889000000,3011000000,524000000,,548000000,4348000000,13286000000,844000000,,7899000000,,,,,14462000000,,1014000000,,5323400000,5278100000
2014-02-26,2012-12-31,1674000000,9504000000,0.88,,,,,3.40,3.36,2068000000,1356000000,11638000000,2838000000,,4683000000,11890000000,,,4519000000,-128000000,,28471000000,19368000000,9103000000,,1850000000,,48391000000,,8098000000,1358000000,,36482000000,1825000000,41000000,5161000000,1727000000,3110000000,,,245000000,79000000,,36013000000,43230000000,,,,,1485000000,18897000000,471000000,17999000000,50398000000,42856000000,,1807000000,2857000000,567000000,,587000000,4611000000,13639000000,898000000,,7217000000,,,,,14689000000,,1707000000,,5351500000,5287600000
2014-02-26,2013-12-31,1504000000,9951000000,1.15,,,,,3.95,3.89,1984000000,961000000,8774000000,3191000000,,5023000000,13430000000,,,4340000000,-29000000,,32629000000,22224000000,10405000000,,1814000000,,47089000000,,8116000000,1376000000,,35571000000,1290000000,13000000,4289000000,1337000000,2585000000,,,307000000,60000000,,40491000000,42800000000,,,,,1472000000,21878000000,346000000,20889000000,48842000000,40980000000,,679000000,2895000000,663000000,,723000000,5033000000,11362000000,989000000,,2309000000,,,,,15152000000,,1623000000,,5371200000,5287300000
2014-02-26,2014-01-28,,,0.3,,,,,,,,,,,,,,,,,,,,,,,,,,,,,,,,,,,,,,,,,,,,,,,,,,,,,,,,,,,,,,,,,,,,,,,,,
2015-02-25,2010-12-31,,,,,,,,,,,,,,,,,,,,,,,,,,,,,,,,,,,,,,,,,,,,,,,,,,,,,,,,,,,,,,,,,,15753000000,,,,,,,,,,
2015-02-25,2011-12-31,,,,,,,,,,,,,,,,,,,,,,,,,,,,,,,,,,,,,,,,,,,,,,,,,,,,,,,,,,,,,,,,,,7899000000,,,,,,,,,,
2015-02-25,2012-12-31,1674000000,9504000000,0.88,,,,,3.40,3.36,2068000000,1356000000,11638000000,2838000000,,4683000000,11890000000,,,4519000000,-128000000,,28471000000,19368000000,9103000000,,1850000000,,48391000000,8098000000,,1358000000,,36482000000,1825000000,41000000,5161000000,1727000000,3110000000,,,245000000,79000000,,36013000000,43230000000,,,,,1485000000,18897000000,471000000,17999000000,50398000000,42856000000,,1807000000,2857000000,567000000,,587000000,4611000000,13639000000,898000000,,7217000000,,,,,14689000000,,,1707000000,5351500000,5287600000
2015-02-25,2013-12-31,1504000000,9951000000,1.15,,,,,3.95,3.89,1984000000,961000000,8774000000,3191000000,,5023000000,13430000000,,,4340000000,-29000000,,32629000000,22224000000,10405000000,,1814000000,,47089000000,8116000000,,1376000000,,35571000000,1290000000,13000000,4289000000,1337000000,2585000000,,,307000000,60000000,,40491000000,42800000000,,,,,1472000000,21878000000,346000000,20889000000,48842000000,40980000000,,679000000,2895000000,663000000,,723000000,5033000000,11362000000,989000000,,2309000000,,,,,15152000000,,,1623000000,5371200000,5287300000
2015-02-25,2014-12-31,1370000000,9970000000,1.35,,,,,4.17,4.10,1973000000,928000000,6381000000,3431000000,,5050000000,14280000000,,,4349000000,593000000,,33915000000,23608000000,10307000000,,1655000000,,47552000000,8438000000,,1685000000,,35652000000,767000000,78000000,4025000000,1096000000,2488000000,,,382000000,59000000,,42132000000,43527000000,,,,,2380000000,23057000000,551000000,21821000000,49037000000,40820000000,,1014000000,2925000000,526000000,,932000000,4597000000,11899000000,1236000000,,1395000000,,,,,15375000000,,,1161000000,5324400000,5237200000
2015-02-25,2015-01-27,,,0.35,,,,,,,,,,,,,,,,,,,,,,,,,,,,,,,,,,,,,,,,,,,,,,,,,,,,,,,,,,,,,,,,,,,,,,,,,
2016-02-24,2011-12-31,,,,,,,,,,,,,,,,,,,,,,,,,,,,,,,,,,,,,,,,,,,,,,,,,,,,,,,,,,,,,,,,,,7899000000,,,,,,,,,,
2016-02-24,2012-12-31,,,,,,,,,,,,,,,,,,,,,,,,,,,,,,,,,,,,,,,,,,,,,,,,,,,,,,,,,,,,,,,,,,7217000000,,,,,,,,,,
2016-02-24,2013-12-31,1504000000,9951000000,1.15,,,,,3.95,3.89,1984000000,961000000,8774000000,3191000000,,5023000000,13430000000,,,4340000000,-29000000,,32629000000,22224000000,10405000000,,1814000000,,47089000000,8116000000,,1376000000,,35571000000,1290000000,13000000,4289000000,1337000000,2585000000,,,307000000,60000000,,40491000000,42800000000,,,,,1472000000,21878000000,346000000,20889000000,48842000000,40980000000,,679000000,2895000000,663000000,,723000000,5033000000,11362000000,989000000,,2309000000,,,,,15152000000,,,1623000000,5371200000,5287300000
2016-02-24,2014-12-31,1370000000,9970000000,1.35,,,,,4.17,4.10,1973000000,928000000,6381000000,3431000000,,5050000000,14280000000,,,4349000000,593000000,,33915000000,23608000000,10307000000,,1655000000,,47552000000,8438000000,,1685000000,,35652000000,767000000,78000000,4025000000,1096000000,2488000000,,,382000000,59000000,,42132000000,43527000000,,,,,2380000000,23057000000,551000000,21821000000,49037000000,40820000000,,1014000000,2925000000,526000000,,932000000,4597000000,11899000000,1236000000,,1395000000,,,,,15375000000,,,1161000000,5324400000,5237200000
2016-02-24,2015-12-31,1246000000,10352000000,1.475,,,,,4.18,4.12,2063000000,973000000,6501000000,3720000000,,5168000000,14468000000,,,4324000000,952000000,,33641000000,23276000000,10365000000,,1694000000,,49277000000,8937000000,,1971000000,,36575000000,785000000,19000000,3976000000,963000000,2592000000,,,357000000,64000000,,42859000000,45301000000,,,,,2230000000,22894000000,382000000,21470000000,49974000000,40756000000,,464000000,2886000000,621000000,,990000000,4446000000,12125000000,1424000000,,2442000000,,,,,15883000000,,,614000000,5209800000,5136500000
2016-02-24,2016-01-26,,,0.375,,,,,,,,,,,,,,,,,,,,,,,,,,,,,,,,,,,,,,,,,,,,,,,,,,,,,,,,,,,,,,,,,,,,,,,,,
2017-03-01,2012-12-31,,,,,,,,,,,,,,,,,,,,,,,,,,,,,,,,,,,,,,,,,,,,,,,,,,,,,,,,,,,,,,,,,,7217000000,,,,,,,,,,
2017-03-01,2013-12-31,,,,,,,,,,,,,,,,,,,,,,,,,,,,,,,,,,,,,,,,,,,,,,,,,,,,,,,,,,,,,,,,,,2309000000,,,,,,,,,,
2017-03-01,2014-12-31,1370000000,9970000000,1.350,,,,,4.17,4.10,1973000000,928000000,6381000000,3431000000,,5050000000,14280000000,,,4349000000,593000000,,33915000000,23608000000,10307000000,,1655000000,,47552000000,8438000000,,1685000000,,35652000000,767000000,78000000,4025000000,1096000000,2488000000,,,382000000,59000000,,42132000000,43527000000,,,,,2380000000,23057000000,551000000,21821000000,49037000000,40820000000,1014000000,,2925000000,526000000,,932000000,4597000000,11899000000,1236000000,,1395000000,,,,,15375000000,,,1161000000,5324400000,5237200000
2017-03-01,2015-12-31,1246000000,10352000000,1.475,,,,,4.18,4.12,2063000000,973000000,6501000000,3720000000,,5168000000,14468000000,,,4324000000,952000000,,33641000000,23276000000,10365000000,,1694000000,,49277000000,8937000000,,1971000000,,36575000000,785000000,19000000,3976000000,963000000,2592000000,,,357000000,64000000,,42859000000,45301000000,,,,,2230000000,22894000000,382000000,21470000000,49974000000,40756000000,464000000,,2886000000,621000000,,990000000,4446000000,12125000000,1424000000,,2442000000,,,,,15883000000,,,614000000,5209800000,5136500000
2017-03-01,2016-12-31,1192000000,10247000000,1.515,,,,,4.03,3.99,2154000000,1168000000,6096000000,3936000000,,5372000000,14243000000,,,3727000000,942000000,,32120000000,22045000000,10075000000,,1268000000,,53663000000,9248000000,,2506000000,,39505000000,784000000,9000000,5909000000,1395000000,3830000000,,,354000000,330000000,,43984000000,47754000000,,,,,879000000,21938000000,107000000,20373000000,52377000000,40513000000,1289000000,,2855000000,1927000000,,1611000000,5094000000,13115000000,1565000000,,3770000000,,,,,16552000000,,,834000000,5108300000,5052800000
2017-03-01,2017-01-24,,,0.38,,,,,,,,,,,,,,,,,,,,,,,,,,,,,,,,,,,,,,,,,,,,,,,,,,,,,,,,,,,,,,,,,,,,,,,,,
2018-03-01,2013-12-31,,,,,,,,,,,,,,,,,,,,,,,,,,,,,,,,,,,,,,,,,,,,,,,,,,,,,,,,,,,,,,,,,,2309000000,,,,,,,,,,
2018-03-01,2014-12-31,,,,,,,,,,,,,,,,,,,,,,,,,,,,,,,,,,,,,,,,,,,,,,,,,,,,,,,,,,,,,,,,,,1395000000,,,,,,,,,,
2018-03-01,2015-12-31,1246000000,10352000000,1.475,,,,,4.18,4.12,2063000000,973000000,6501000000,3720000000,,5168000000,14468000000,,,4324000000,952000000,,33641000000,23276000000,10365000000,,1694000000,,49277000000,8937000000,,1971000000,,36575000000,785000000,19000000,3976000000,963000000,2592000000,,,357000000,64000000,,42859000000,45301000000,,,,,2230000000,22894000000,382000000,21470000000,49974000000,40756000000,464000000,,2886000000,621000000,,990000000,4446000000,12125000000,1424000000,,2442000000,,,,,15883000000,,,614000000,5209800000,5136500000
2018-03-01,2016-12-31,1192000000,10247000000,1.515,,,,,4.03,3.99,2154000000,1168000000,6096000000,3936000000,,5372000000,14243000000,,,3727000000,942000000,,32120000000,22045000000,10075000000,,1268000000,,53663000000,9248000000,,2506000000,,39505000000,784000000,9000000,5909000000,1395000000,3830000000,,,354000000,330000000,,43984000000,47754000000,,,,,879000000,21938000000,107000000,20373000000,52377000000,40513000000,1289000000,,2855000000,1927000000,,1611000000,5094000000,13115000000,1565000000,,3770000000,,,,,16552000000,,,834000000,5108300000,5052800000
2018-03-01,2017-12-31,1152000000,10442000000,1.54,,,,,4.14,4.10,2237000000,1287000000,4350000000,3960000000,,5111000000,14495000000,,,3557000000,479000000,,27377000000,22460000000,4917000000,,1049000000,,58909000000,10664000000,,2928000000,,41388000000,786000000,12000000,9352000000,3013000000,5157000000,,,424000000,758000000,,47029000000,49557000000,,,,,1268000000,22183000000,277000000,20554000000,58484000000,38832000000,1603000000,,2849000000,1907000000,,3131000000,5566000000,17588000000,1629000000,,2528000000,,,,,17363000000,,,1053000000,5017300000,4964600000
2018-03-01,2018-01-23,,,0.39,,,,,,,,,,,,,,,,,,,,,,,,,,,,,,,,,,,,,,,,,,,,,,,,,,,,,,,,,,,,,,,,,,,,,,,,,
2019-02-27,2014-12-31,,,,,,,,,,,,,,,,,,,,,,,,,,,,,,,,,,,,,,,,,,,,,,,,,,,,,,,,,,,,,,,,,,1395000000,,,,,,,,,,
2019-02-27,2015-12-31,,,,,,,,,,,,,,,,,,,,,,,,,,,,,,,,,,,,,,,,,,,,,,,,,,,,,,,,,,,,,,,,,,2442000000,,,,,,,,,,
2019-02-27,2016-12-31,1192000000,10247000000,,,,942000000,635000000,4.03,3.99,2154000000,1168000000,,,,,,6096000000,,,,1103000000,32120000000,22045000000,10075000000,,1268000000,,53663000000,,,,,39505000000,784000000,38000000,5909000000,1395000000,3830000000,,,354000000,330000000,11244000000,43984000000,47754000000,,,,,,21938000000,107000000,20373000000,52377000000,40513000000,,1289000000,2855000000,1927000000,,1457000000,5094000000,13115000000,1565000000,,3770000000,,,-877000000,,16552000000,,,610000000,5108300000,5052800000
2019-02-27,2017-12-31,1152000000,10442000000,,,,479000000,799000000,4.14,4.10,2237000000,1287000000,,,,,,4350000000,,,,1779000000,27377000000,22460000000,4917000000,,1049000000,,58909000000,,,,,41388000000,786000000,50000000,9352000000,3013000000,5157000000,,,424000000,758000000,12946000000,47029000000,49557000000,,,,,,22183000000,277000000,20554000000,58484000000,38832000000,,1603000000,2849000000,1907000000,,2940000000,5566000000,17588000000,1629000000,,2528000000,,,-917000000,,17363000000,,,542000000,5017300000,4964600000
2019-02-27,2018-12-31,1058000000,10264000000,,,,108000000,992000000,4.31,4.28,2444000000,1110000000,,,,,,3017000000,,,,1515000000,28538000000,22876000000,5662000000,,429000000,,64647000000,,,,,43974000000,777000000,140000000,14652000000,5622000000,6703000000,,,610000000,1717000000,14406000000,48251000000,49995000000,,,,,,22393000000,483000000,20689000000,56126000000,36413000000,,2473000000,2888000000,1753000000,,4358000000,4926000000,15602000000,1704000000,,1744000000,,,-932000000,,17834000000,,,602000000,4838400000,4799700000
2020-02-26,2015-12-31,,,,,,,,,,,,,,,,,,,,,,,,,,,,,,,,,,,,,,,,,,,,,,,,,,,,,,,,,,,,,,,,,,2442000000,,,,,,,,,,
2020-02-26,2016-12-31,,,,,,,,,,,,,,,,,,,,,,,,,,,,,,,,,,,,,,,,,,,,,,,,,,,,,,,,,,,,,,,,,,3770000000,,,,,,,,,,
2020-02-26,2017-12-31,1152000000,10442000000,,,,479000000,799000000,4.14,4.10,2237000000,1287000000,,,,,,4350000000,,,,1779000000,27377000000,22460000000,4917000000,,1049000000,,58909000000,,,,,41388000000,786000000,50000000,9352000000,3013000000,5157000000,,,424000000,758000000,12946000000,47029000000,49557000000,,,1907000000,,,22183000000,277000000,20554000000,58484000000,38832000000,,1603000000,2849000000,,,2940000000,5566000000,17588000000,1629000000,,2528000000,,,1300000000,,17363000000,,,542000000,5017300000,4964600000
2020-02-26,2018-12-31,1058000000,10264000000,,,,108000000,992000000,4.31,4.28,2444000000,1110000000,,,,,,3017000000,,,,1515000000,28538000000,22876000000,5662000000,,429000000,,64647000000,,,,,43974000000,777000000,140000000,14652000000,5622000000,6703000000,,,610000000,1717000000,14406000000,48251000000,49995000000,,,1753000000,,,22393000000,483000000,20689000000,56126000000,36413000000,,2473000000,2888000000,,,4358000000,4926000000,15602000000,1704000000,,1744000000,,,4716000000,,17834000000,,,602000000,4838400000,4799700000
2020-02-26,2019-12-31,108000000,10828000000,,,,140000000,962000000,4.08,4.05,2763000000,526000000,,,,,,2715000000,,,,2843000000,24198000000,20041000000,4157000000,,378000000,,66083000000,,,,,44146000000,813000000,79000000,18852000000,8635000000,7350000000,,,551000000,2316000000,14955000000,44544000000,47231000000,,,1612000000,,,19549000000,492000000,17938000000,58178000000,37832000000,,3181000000,2945000000,,,5128000000,5874000000,16752000000,1611000000,,2687000000,,,4798000000,,18382000000,,,993000000,4425400000,4393100000
2021-02-23,2018-12-31,,,,33085000000,2225000000,,992000000,4.31,4.28,2903000000,,,,,,,3017000000,7369000000,,,,28538000000,22876000000,5662000000,,,,64647000000,,,,917000000,43974000000,,,14652000000,5622000000,6703000000,,,610000000,1717000000,14406000000,,49995000000,,,,857000000,,22393000000,483000000,20689000000,56126000000,36413000000,,5386000000,2888000000,,3124000000,4358000000,,6681000000,1704000000,6588000000,1744000000,0,,9436000000,86408000000,,3907000000,,,4838400000,4799700000
2021-02-23,2019-12-31,,,,35128000000,3976000000,,962000000,4.08,4.05,3276000000,,,,,,,2715000000,7293000000,,,,24198000000,20041000000,4157000000,,,,66083000000,,,,892000000,44146000000,,,18852000000,8635000000,7350000000,,,551000000,2316000000,14955000000,,47231000000,,,,1076000000,,19549000000,492000000,17938000000,58178000000,37832000000,,5760000000,2945000000,,4321000000,5128000000,,4687000000,1611000000,6745000000,2687000000,0,,9237000000,85063000000,,4016000000,,,4425400000,4393100000
2021-02-23,2020-12-31,,,,34811000000,2710000000,,554000000,0.42,0.41,3099000000,,,,,,,3493000000,6602000000,,,,581000000,3586000000,-3005000000,,,,47798000000,,,,947000000,34109000000,,,7963000000,2804000000,4471000000,,,438000000,250000000,11234000000,,39835000000,,,,600000000,,3301000000,285000000,1710000000,57630000000,32505000000,,2044000000,3263000000,,3523000000,954000000,,4129000000,1591000000,6706000000,14129000000,1499000000,,9375000000,72340000000,,3544000000,,,4134200000,4118000000.0
2022-02-22,2019-12-31,,,,35128000000,3976000000,,962000000,4.12,4.09,3276000000,,,,,,,2715000000,7293000000,,,,25967000000,20206000000,5761000000,,,,66155000000,,,,892000000,44218000000,,,18852000000,8635000000,7350000000,,,551000000,2316000000,14955000000,,47303000000,5128000000,,,1076000000,,19715000000,491000000,18103000000,58178000000,39529000000,,7457000000,2945000000,,4321000000,,,4687000000,1612000000,6745000000,2687000000,0,9814000000,,86832000000,,4016000000,,,4425400000,4393100000
2022-02-22,2020-12-31,,,,34811000000,2710000000,,554000000,0.43,0.43,3099000000,,,,,,,3493000000,6602000000,,,,2505000000,3662000000,-1157000000,,,,47919000000,,,,947000000,34230000000,,,7963000000,2804000000,4471000000,,,438000000,250000000,11234000000,,39956000000,954000000,,,600000000,,3377000000,285000000,1786000000,57630000000,34308000000,,3847000000,3263000000,,3523000000,,,4129000000,1591000000,6706000000,14129000000,1499000000,9863000000,,74264000000,,3544000000,,,4134200000,4118000000
2022-02-22,2021-12-31,,,,35541000000,7264000000,,608000000,4.99,4.95,3227000000,,,,,,,4956000000,6920000000,,,,28816000000,23238000000,5578000000,,,,39694000000,,,,865000000,28634000000,,,3915000000,388000000,3173000000,,,395000000,-41000000,9253000000,,35779000000,334000000,,,600000000,,21548000000,1690000000,20256000000,53831000000,42713000000,,3734000000,2968000000,,1568000000,,,4128000000,1292000000,5723000000,-4155000000,76000000,11011000000,,78492000000,,4175000000,,,4096200000,4061900000
2023-02-21,2020-12-31,,,,34811000000,2710000000,,554000000,0.43,0.43,3099000000,,,,,,,3493000000,6602000000,,,,2505000000,3662000000,-1157000000,,,,47919000000,,,,947000000,34230000000,,,7963000000,2804000000,4471000000,,250000000,438000000,,11234000000,,39956000000,954000000,,,600000000,,3377000000,285000000,1786000000,57630000000,34308000000,,3847000000,3263000000,,3523000000,,,4129000000,1591000000,6706000000,14129000000,1499000000,9863000000,,74264000000,,3544000000,,,4134200000,4118000000
2023-02-21,2021-12-31,,,,35541000000,7264000000,,608000000,4.99,4.95,3227000000,,,,,,,4956000000,6920000000,,,,28816000000,23238000000,5578000000,,,,39694000000,,,,865000000,28634000000,,,3915000000,388000000,3173000000,,-41000000,395000000,,9253000000,,35779000000,334000000,,,600000000,,21548000000,1690000000,20256000000,53831000000,42713000000,,3734000000,2968000000,,1568000000,,,4128000000,1292000000,5723000000,-4155000000,76000000,11011000000,,78492000000,,4175000000,,,4096200000,4061900000
2023-02-21,2022-12-31,,,,34340000000,1461000000,,707000000,3.17,3.14,3375000000,,,,,,,1383000000,6713000000,,,,14969000000,12882000000,2087000000,,,,54024000000,,,,513000000,37715000000,,,9074000000,2349000000,5505000000,,582000000,638000000,,11781000000,,44950000000,3308000000,,,505000000,,13182000000,-300000000,12067000000,57282000000,28835000000,,2238000000,2881000000,,6984000000,,,4004000000,1115000000,5188000000,1534000000,5000000,9004000000,,73785000000,,4355000000,,,3837000000,3805200000
2024-02-20,2021-12-31,,,,35541000000,7264000000,,608000000,5.13,5.08,3227000000,,,,,,,4956000000,6920000000,,,,29563000000,23799000000,5764000000,,,,39694000000,,,,865000000,28634000000,,,3915000000,388000000,3173000000,,,395000000,-41000000,9253000000,,35779000000,334000000,,,600000000,,22109000000,1690000000,20818000000,53758000000,43387000000,,4408000000,2968000000,,1568000000,,,4131000000,1291000000,5723000000,-4155000000,,11011000000,,79166000000,,4175000000,,,4096200000,4061900000
2024-02-20,2022-12-31,,,,34340000000,1461000000,,707000000,3.30,3.27,3375000000,,,,,,,1383000000,6713000000,,,,15629000000,13378000000,2251000000,,,,54024000000,,,,513000000,37715000000,,,9074000000,2349000000,5505000000,,,638000000,582000000,11781000000,,44950000000,3308000000,,,505000000,,13677000000,-299000000,12562000000,57205000000,29418000000,,2821000000,2881000000,,6984000000,,,3932000000,1115000000,5188000000,1534000000,,9004000000,,74368000000,,4355000000,,,3837000000,3805200000
2024-02-20,2023-12-31,,,,35829000000,4368000000,,682000000,4.88,4.83,3920000000,,,,,,,829000000,6140000000,,,,21636000000,19029000000,2607000000,,,,85118000000,,,,363000000,57155000000,,,32743000000,16503000000,11572000000,,,820000000,3848000000,16108000000,,52375000000,10810000000,,,812000000,,19142000000,-113000000,17982000000,55562000000,30222000000,,1935000000,2884000000,,1183000000,,,5849000000,1160000000,5085000000,5399000000,,8670000000,,82597000000,,4256000000,,,3720400000,3688300000
2025-02-25,2022-12-31,,,,34340000000,1461000000,,707000000,3.30,3.27,3375000000,,,,,,,1383000000,6713000000,,,,15629000000,13378000000,2251000000,,,,54024000000,,,,513000000,37715000000,,,,2349000000,5505000000,9074000000,,638000000,582000000,11781000000,,44950000000,3308000000,,,505000000,,13677000000,-299000000,12562000000,57205000000,29418000000,,2821000000,2881000000,,6984000000,,,3932000000,1115000000,5188000000,1534000000,,9004000000,,74368000000,,4355000000,,,3837000000,3805200000
2025-02-25,2023-12-31,,,,35829000000,4368000000,,682000000,4.88,4.83,3920000000,,,,,,,829000000,6140000000,,,,21636000000,19029000000,2607000000,,,,85118000000,,,,363000000,57155000000,,,,16503000000,11572000000,32743000000,,820000000,3848000000,16108000000,,52375000000,10810000000,,,812000000,,19142000000,-113000000,17982000000,55562000000,30222000000,,1935000000,2884000000,,1183000000,,,5849000000,1160000000,5085000000,5399000000,,8670000000,,82597000000,,4256000000,,,3720400000,3688300000
2025-02-25,2024-12-31,,,,35729000000,5434000000,,677000000,5.43,5.37,4583000000,,,,,,,1047000000,6515000000,,,,23364000000,19965000000,3399000000,,,,90777000000,,,,491000000,57895000000,,,,24282000000,12463000000,43101000000,,1045000000,5311000000,18042000000,,47676000000,13672000000,,,869000000,,19722000000,243000000,18606000000,54598000000,34620000000,,2321000000,3052000000,,1757000000,,,4001000000,1116000000,4607000000,4334000000,,9775000000,,82296000000,,4342000000,,,3467600000,3426100000
